@String{lncs = {Lecture Notes in Computer Science}}
@String{procecoop = {Proceedings of the European Conference on
    Object-Oriented Programming ({ECOOP})}}


@article{DeepBlue,
 author = {Campbell, Murray and Hoane,Jr., A. Joseph and Hsu, Feng-hsiung},
 title = {Deep Blue},
 journal = {Artif. Intell.},
 volume = {134},
 number = {1-2},
 year = {2002},
 issn = {0004-3702},
 pages = {57--83},
 publisher = {Elsevier Science Publishers Ltd.},
 address = {Essex, UK},
 }

@article{Gammon,
 author = {Tesauro, Gerald},
 title = {Temporal difference learning and TD-Gammon},
 journal = {Commun. ACM},
 volume = {38},
 number = {3},
 year = {1995},
 issn = {0001-0782},
 pages = {58--68},
 publisher = {ACM},
 address = {New York, NY, USA},
 }

@inproceedings{Go,
 author = {Silver, David and Sutton, Richard and M\"{u}ller, Martin},
 title = {Reinforcement learning of local shape in the game of go},
 booktitle = {IJCAI'07: Proceedings of the 20th international joint conference on Artifical intelligence},
 year = {2007},
 pages = {1053--1058},
 location = {Hyderabad, India},
 publisher = {Morgan Kaufmann Publishers Inc.},
 address = {San Francisco, CA, USA},
 }


@inproceedings{FPS,
 author = {M. McPartland and M. Gallagher},
 title = {Learning to be a Bot: Reinforcement Learning in Shooter Games},
 booktitle = {Proceedings of the fourth Artificial Intelligence in Interactive Digital Entertainment},
 year = {2008},
 location = {Stanford, USA},
 }

@techreport{Mario,
 author = {Mohan, S. and Laird, J. E.},
 title = {Learning to play Mario},
 number = {CCA-TR-2009-03},
 year = {2009},
 institution = {Center for Cognitive Architecture, University of Michigan},
 }

@mastersthesis{Yavar,
 author = {Yavar Naddaf},
 title = {Game-Independent AI Agents for Playing Atari 2600 Console Games},
 year = {2010},
 school = {University of Alberta},
 }

@Book{lamport-1994-ladps,
    author =	{Lamport, Leslie},
    title =	{\LaTeX: A Document Preparation System},
    booktitle =	{\LaTeX: A Document Preparation System},
    year =	1994,
    edition =	2,
    publisher =	{Addison-Wesley},
    isbn =	0201529831,
}

@Book{bringhurst-2002-teots,
    author =	{Bringhurst, Robert},
    title =	{The Elements of Typographic Style},
    booktitle =	{The Elements of Typographic Style},
    year =	2002,
    edition =	{2.5},
    publisher =	{Hartley \& Marks},
    isbn =	0881791326,
}

@InProceedings{kiczales-1997-aop,
    author =    {Kiczales, Gregor and Lamping, John and
		    Mendhekar, Anurag and Maeda, Chris and
		    Lopes, Cristina and Loingtier, Jean-Marc
		    and Irwin, John},
    title =     {Aspect-Oriented Programming},
    booktitle = procecoop,
    year =	1997,
    series =    lncs,
    volume =    2591,
    pages =     {220--242},
    keywords =  {aop, aspect-oriented programming},
    online =	{http://www.parc.xerox.com/csl/groups/sda/pubs/papers/Kiczal
es-ECOOP97/for-web.pdf},
}

